<?xml version="1.0" encoding="UTF-8"?>
<record xmlns="http://www.loc.gov/MARC21/slim">
   <leader>01109cam a22002295  4500</leader>
   <controlfield tag="001">3000651</controlfield>
   <controlfield tag="003">NjP</controlfield>
   <controlfield tag="005">20171117180952.0</controlfield>
   <controlfield tag="008">850509m19249999ua       b    000 0 ara d</controlfield>
   <datafield tag="024" ind1="7" ind2=" ">
      <subfield code="a">princeton_aco004869</subfield>
      <subfield code="2">local</subfield>
   </datafield>
   <datafield ind1=" " ind2=" " tag="035">
      <subfield code="a">(OCoLC)ocm12016692</subfield>
   </datafield>
   <datafield ind1=" " ind2=" " tag="035">
      <subfield code="9">CPP8910TS</subfield>
   </datafield>
   <datafield ind1=" " ind2=" " tag="040">
      <subfield code="a">CLU</subfield>
      <subfield code="c">CLU</subfield>
      <subfield code="d">OCL</subfield>
      <subfield code="d">PUL</subfield>
   </datafield>
   <datafield ind1="2" ind2=" " tag="110">
      <subfield code="a">Dār al-Kutub al-Miṣrīyah.</subfield>
      <subfield code="0">http://id.loc.gov/authorities/names/n81035866</subfield>
   </datafield>
   <datafield ind1="1" ind2="0" tag="245">
      <subfield code="a">Fihris al-kutub al-ʾạrabīyah al-mawjūdah bi-al-dār.</subfield>
   </datafield>
   <datafield ind1=" " ind2=" " tag="260">
      <subfield code="a">Cairo,</subfield>
      <subfield code="b">Maṭba at Dār al-Kutub al-Miṣrīyah,</subfield>
      <subfield code="c">1924-</subfield>
   </datafield>
   <datafield ind1=" " ind2=" " tag="300">
      <subfield code="a">v.</subfield>
   </datafield>
   <datafield ind1="1" ind2=" " tag="505">
      <subfield code="a">v. 1. Fihris al-kutub al-ʾarabiyah al-mawjudah bi-al-dar li-ghayat sanat 1921.--v. 2. Mulhaq bi-al-kutub al-ʾarabiyah al-waridah lil-dar fi sanatay 1922 wa-1923 wa-al-sittah al-shuhur al-ula min sanat 1924.--v. 3. al-Kutub al-ʾarabiyah al-mawjudah bi-al-dar li-ghayat akhir shahr Mayu sanat 1926.</subfield>
   </datafield>
   <datafield ind1=" " ind2=" " tag="500">
      <subfield code="a">In Arabic.</subfield>
   </datafield>
   <datafield ind1=" " ind2=" " tag="500">
      <subfield code="a">Title varies.</subfield>
   </datafield>
   <datafield ind1=" " ind2="0" tag="650">
      <subfield code="a">Arabic literature</subfield>
      <subfield code="v">Bibliography.</subfield>
      <subfield code="0">http://id.loc.gov/authorities/subjects/sh2009115249</subfield>
   </datafield>
   <datafield ind1=" " ind2=" " tag="945">
      <subfield code="a">F</subfield>
      <subfield code="b">1</subfield>
      <subfield code="c">0412.128.23.2</subfield>
      <subfield code="e">v.1-9</subfield>
   </datafield>
   <datafield ind1=" " ind2=" " tag="911">
      <subfield code="a">20000603</subfield>
   </datafield>
   <datafield ind1="0" ind2="1" tag="852">
      <subfield code="0">3316615</subfield>
      <subfield code="b">rcppa</subfield>
      <subfield code="t">1</subfield>
      <subfield code="h">Z965</subfield>
      <subfield code="i">.C1378 1924</subfield>
      <subfield code="x">tr fr nec</subfield>
   </datafield>
   <datafield ind1=" " ind2="0" tag="866">
      <subfield code="0">3316615</subfield>
      <subfield code="a">v.1-9</subfield>
   </datafield>
   <datafield ind1=" " ind2=" " tag="959">
      <subfield code="a">2001-10-10 18:17:33 -0400</subfield>
   </datafield>
</record>
